@article{dokmanic2013acoustic,
  title={Acoustic echoes reveal room shape},
  author={Dokmani{\'c}, Ivan and Parhizkar, Reza and Walther, Andreas and Lu, Yue M and Vetterli, Martin},
  journal={Proceedings of the National Academy of Sciences},
  volume={110},
  number={30},
  pages={12186--12191},
  year={2013},
  publisher={National Acad Sciences}
}

@inproceedings{qiu2011feasibility,
  title={On the feasibility of real-time phone-to-phone 3d localization},
  author={Qiu, Jian and Chu, David and Meng, Xiangying and Moscibroda, Thomas},
  booktitle={Proceedings of the 9th ACM Conference on Embedded Networked Sensor Systems},
  pages={190--203},
  year={2011},
  organization={ACM}
}

@inproceedings{peng2007beepbeep,
  title={Beepbeep: a high accuracy acoustic ranging system using cots mobile devices},
  author={Peng, Chunyi and Shen, Guobin and Zhang, Yongguang and Li, Yanlin and Tan, Kun},
  booktitle={Proceedings of the 5th international conference on Embedded networked sensor systems},
  pages={1--14},
  year={2007},
  organization={ACM}
}

@inproceedings{du2011interactive,
  title={Interactive 3D modeling of indoor environments with a consumer depth camera},
  author={Du, Hao and Henry, Peter and Ren, Xiaofeng and Cheng, Marvin and Goldman, Dan B and Seitz, Steven M and Fox, Dieter},
  booktitle={Proceedings of the 13th international conference on Ubiquitous computing},
  pages={75--84},
  year={2011},
  organization={ACM}
}

@article{snavely2006photo,
  title={Photo tourism: exploring photo collections in 3D},
  author={Snavely, Noah and Seitz, Steven M and Szeliski, Richard},
  journal={ACM transactions on graphics (TOG)},
  volume={25},
  number={3},
  pages={835--846},
  year={2006},
  publisher={ACM}
}

@inproceedings{furukawa2009reconstructing,
  title={Reconstructing building interiors from images},
  author={Furukawa, Yasutaka and Curless, Brian and Seitz, Steven M and Szeliski, Richard},
  booktitle={Computer Vision, 2009 IEEE 12th International Conference on},
  pages={80--87},
  year={2009},
  organization={IEEE}
}

@inproceedings{izadi2011kinectfusion,
  title={KinectFusion: real-time 3D reconstruction and interaction using a moving depth camera},
  author={Izadi, Shahram and Kim, David and Hilliges, Otmar and Molyneaux, David and Newcombe, Richard and Kohli, Pushmeet and Shotton, Jamie and Hodges, Steve and Freeman, Dustin and Davison, Andrew and others},
  booktitle={Proceedings of the 24th annual ACM symposium on User interface software and technology},
  pages={559--568},
  year={2011},
  organization={ACM}
}

@article{rothganger20063d,
  title={3d object modeling and recognition using local affine-invariant image descriptors and multi-view spatial constraints},
  author={Rothganger, Fred and Lazebnik, Svetlana and Schmid, Cordelia and Ponce, Jean},
  journal={International Journal of Computer Vision},
  volume={66},
  number={3},
  pages={231--259},
  year={2006},
  publisher={Springer}
}

@article{harter2002anatomy,
  title={The anatomy of a context-aware application},
  author={Harter, Andy and Hopper, Andy and Steggles, Pete and Ward, Andy and Webster, Paul},
  journal={Wireless Networks},
  volume={8},
  number={2/3},
  pages={187--197},
  year={2002},
  publisher={Springer-Verlag New York, Inc.}
}

@inproceedings{priyantha2000cricket,
  title={The cricket location-support system},
  author={Priyantha, Nissanka B and Chakraborty, Anit and Balakrishnan, Hari},
  booktitle={Proceedings of the 6th annual international conference on Mobile computing and networking},
  pages={32--43},
  year={2000},
  organization={ACM}
}

@inproceedings{gupta2012soundwave,
  title={Soundwave: using the doppler effect to sense gestures},
  author={Gupta, Sidhant and Morris, Daniel and Patel, Shwetak and Tan, Desney},
  booktitle={Proceedings of the 2012 ACM annual conference on Human Factors in Computing Systems},
  pages={1911--1914},
  year={2012},
  organization={ACM}
}

@inproceedings{sun2013spartacus,
  title={Spartacus: spatially-aware interaction for mobile devices through energy-efficient audio sensing},
  author={Sun, Zheng and Purohit, Aveek and Bose, Raja and Zhang, Pei},
  booktitle={Proceeding of the 11th annual international conference on Mobile systems, applications, and services},
  pages={263--276},
  year={2013},
  organization={ACM}
}

@online{invensense,
  author = {InvenSense Inc.},
  title = {{InvenSense MEMS MotionTracking Devices}},
  year = 2014,
  url = {http://www.invensense.com/mems/gyro/motion.html}
}

@online{applem7,
  author = {Apple Inc.},
  title = {{Apple M7}},
  year = 2014,
  url = {http://en.wikipedia.org/wiki/Apple_M7}
}

@inproceedings{nirjon2013auditeur,
  title={Auditeur: A mobile-cloud service platform for acoustic event detection on smartphones},
  author={Nirjon, Shahriar and Dickerson, Robert F and Asare, Philip and Li, Qiang and Hong, Dezhi and Stankovic, John A and Hu, Pan and Shen, Guobin and Jiang, Xiaofan},
  booktitle={Proceeding of the 11th annual international conference on Mobile systems, applications, and services},
  pages={403--416},
  year={2013},
  organization={ACM}
}